@book{ Kernighan-Ritchie-Jezyk-ANSI-C-Pub-2004,
  author =	 {Brian W. Kernighan and Dennis M. Ritchie},
  title =	 {Język ANSI~C},
  publisher =	 {Wydawnictwo Naukowo-Techniczne},
  address =	 {Warszawa},
  year =	 2004,
  edition =	 {IX},
  series =	 {Klasyka informatyki},
  isbn =	 {83-204-2979-X},
  note =	 {Z~angielskiego przełożyli Danuta i~Marek Kruszewscy},
}