@online{ Both-How-to-program-with-Bash-Syntax-and-tools-2019,
  author =	 {David Both},
  title =	 {How to program with Bash: Syntax and~tools},
  year =	 {2019},
  url =		 {https://opensource.com/article/19/10/programming-bash-syntax-tools},
  urldate =	 {24-03-2024},
}



@online{ Chadwick-Bash-Scripting-Tutorialt-5-If-Statements,
  author =	 {Ryan Chadwick},
  title =	 {Bash Scripting Tutorial~-- 5. If~Statements},
  url =
                  {https://ryanstutorials.net/bash-scripting-tutorial/bash-if-statements.php},
  urldate =	 {06-04-2024},
}



@online{ Chadwick-Bash-Scripting-Tutorial-6-Loops,
  author =	 {Ryan Chadwick},
  title =	 {Bash Scripting Tutorial~-- 6.~Loops},
  url =
                  {https://ryanstutorials.net/bash-scripting-tutorial/bash-loops.php},
  urldate =	 {15-04-2024},
}



@book{ Garfinkel-Weise-Strassmann-The-UNIX-HATERS-Handbook-Pub-1994,
  author =	 {Simson Garfinkel and Daniel Weise and Steven
                  Strassmann},
  title =	 {The~UNIX-HATERS Handbook},
  publisher =	 {IDG Books Worldwide, Inc.},
  address =	 {San Mateo, California, Indianapolis, Indiana,
                  Boston, Massachusetts},
  year =	 1994,
  note =	 {Illustrations by John Klossner},
  url =		 {https://web.mit.edu/~simsong/www/ugh.pdf},
}



@online{ Pankaj-Grep-command-in-Linux-Unix-2022,
  author =	 {Pankaj},
  title =	 {Grep Command in~Linux/Unix},
  year =	 2022,
  url =
                  {https://www.digitalocean.com/community/tutorials/grep-command-in-linux-unix},
  urldate =	 {13-03-2024},
}



@online{ Pankaj-Linux-ps-command-ETC-2022,
  author =	 {Pankaj},
  title =	 {Linux \texttt{ps} command~-- 20 Real life examples},
  year =	 2022,
  url =
                  {https://www.digitalocean.com/community/tutorials/linux-ps-command},
  urldate =	 {02-04-2024},
}



@online{ Pavroo-Porady-Admina-kill-2023,
  author =	 {Pavroo},
  title =	 {Porady Admina: kill},
  journal =	 {Entropy},
  year =	 {2023},
  url =		 {https://linuxiarze.pl/porady-admina-procps-kill/},
  urldate =	 {21-03-2024},
}



@online{ Ramuglia-How-to-kill-processes-in-Linux-ETC-2023,
  author =	 {Gabriel Ramuglia},
  title =	 {How to Kill Processes in Linux | 'kill' Command
                  Guide},
  year =	 {2023},
  url =		 {https://ioflood.com/blog/kill-linux-command/},
  urldate =	 {2-04-2024},
}



@book{ Tannenbaum-Systemy-Operacyjne-Wydanie-III-Pub-2013,
  author =	 {Andrew S. Tanenbaum},
  title =	 {Systemy operacyjne. Wydanie III},
  publisher =	 {Helion},
  address =	 {Gliwice},
  year =	 2013,
  note =	 {Tłumaczenie: Radosław Meryk (rozdz.~1--8), Mikołaj
                  Szczepaniak (rozdz.~9--14)},
}