@article{ Casimir-On-the-Attraction-Between-ETC-Pub-1948,
  author =	 {Hendrik Brugt Gerhard Casimir},
  title =	 {On~the~Attraction Between Two Perfectly Conducting
                  Plates},
  journal =	 {Kon. Ned. Akad. Wetensch. Proc},
  year =	 1948,
  volume =	 51,
  number =	 7,
  pages =	 {793--795},
}



@article{ Herdegen-Nononsens-Casimir-force-Pub-2001,
  author =	 {Andrzej Herdegen},
  title =	 {No-nonsens Casimir force},
  journal =	 {Acta Phys. Polon.},
  year =	 2001,
  volume =	 {B32},
  pages =	 {55--65},
  doi =		 {10.1007/s00023-005-0219-7},
  archivePrefix ={arXiv},
  eprint =	 {0008.207},
  primaryClass = {hep-th},
}



@article{ Herdegen-Quantum-backreaction-ETC-Part-I-Pub-2005,
  author =	 {Andrzej Herdegen},
  title =	 {Quantum backreaction (Casimir) effect~I. What are
		  admissible idealizations?},
  journal =	 {Ann. Henri Poincaré},
  year =	 2005,
  volume =	 6,
  pages =	 {657--695},
  doi =		 {https://doi.org/10.1007/s00023-005-0219-7},
  archivePrefix ={arXiv},
  eprint =	 {0412.132},
  primaryClass = {hep-th},
}



@article{ Herdegen-Quantum-backreaction-ETC-Part-II-Pub-2006,
  author =	 {Andrzej Herdegen},
  title =	 {Quantum backreaction (Casimir) effect II. Scalar and
                  electromagnetic fields},
  journal =	 {Ann. H. Poincaré},
  year =	 2006,
  volume =	 7,
  pages =	 {253--301},
  doi =		 {https://doi.org/10.1007/s00023-005-0249-1},
  archivePrefix ={arXiv},
  eprint =	 {0507.023},
  primaryClass = {hep-th},
}



@article{ Lifshitz-The-theory-of-molecular-ETC-Pub-1956,
  author =	 {E.M. Lifshitz},
  title =	 {The~theory~of molecular attractive forces between
                  solids},
  journal =	 {Sov. Phys. JETP},
  year =	 1956,
  volume =	 2,
  number =	 1,
  pages =	 {73--83},
  doi =		 {https://doi.org/10.1016/B978-0-08-036364-6.50031-4},
  url =
                  {https://www.sciencedirect.com/science/article/pii/B9780080363646500314},
  note =	 {Translated from Russian by M.~Hamermesh},
}



@book{ Peskin-Schroeder-An-Introduction-to-Quantum-Field-Theory-Pub-1995,
  author =	 {M.E. Peskin and D.V. Schroeder},
  title =	 {An~Introduction to~Quantum Field Theory},
  publisher =	 {Westview Press},
  year =	 1995,
  edition =	 {I},
}



@article{ Sparnaay-Measurments-of-attractive-forces-ETC-Pub-1958,
  author =	 {M. J. Sparnaay},
  title =	 {Measurements of attractive forces between flat
                  plates},
  journal =	 {Physica},
  year =	 1958,
  volume =	 24,
  pages =	 {751--764},
  doi =		 {https://doi.org/10.1016/S0031-8914(58)80090-7},
}



@online{ Summers-Prespective-on-Constructive-ETC-Ver-2016,
  author =	 {Stephen J. Summers},
  title =	 {A~Perspective on~Constructive Quantum Field Theory},
  year =	 2016,
  doi =		 {https://doi.org/10.48550/arXiv.1203.3991},
  url =		 {https://arxiv.org/abs/1203.3991},
  urldate =	 {27-VII-2024},
  archivePrefix ={arXiv},
  eprint =	 {1203.3991},
  primaryClass = {math-ph},
  note =	 {ArXiv e-prints},
}