@online{ Anonymous-Hello-World-in-x86-Assembly-Language,
  author =	 {Anonymous},
  title =	 {"Hello, World!" in x86 Assembly Language},
  url =
                  {https://montcs.bloomu.edu/Information/LowLevel/Assembly/hello-asm.html},
  urldate =	 {12-VII-2024},
}



@book{ Grzegorczyk-Zarys-logiki-matematycznej-Pub-1975,
  author =	 {Andrzej Grzegorczyk},
  title =	 {Zarys logiki matematycznej},
  publisher =	 {Państwowe Wydawnictwo Naukowe},
  address =	 {Warszawa},
  year =	 1975,
  edition =	 {IV},
  series =	 {Biblioteka matematyczna},
  number =	 20,
}



@book{ Kraszewski-Logika-Pub-1984,
  author =	 {Zdzisław Kraszewski},
  title =	 {Logika. Nauka rozumowania},
  publisher =	 {Państwowe Wydawnictwo Naukowe},
  address =	 {Warszawa},
  year =	 1984,
  edition =	 {IV},
}



@online{ Low-Level-Learning-You-Can-Learn-AArch64-ETC-Ver-2020,
  author =	 {Low Level Learning},
  title =	 {You Can Learn AArch64 Assembly in~10 Minutes |
                  AArch64 Hello World Tutorial},
  year =	 2020,
  url =		 {https://www.youtube.com/watch?v=8NdrdxkBP3U},
  urldate =	 {18-VIII-2024},
}



@online{ Low-Level-Learning-You-Can-Learn-ARM-ETC-Ver-2020,
  author =	 {Low Level Learning},
  title =	 {You Can Learn ARM Assembly Language in~15 Minutes |
                  ARM Hello World Tutorial},
  year =	 2020,
  url =		 {https://www.youtube.com/watch?v=FV6P5eRmMh8},
  urldate =	 {02-VIII-2024},
}



@online{ Low-Level-Learning-You-Can-Learn-RISC-V-ETC-Ver-2021,
  author =	 {Low Level Learning},
  title =	 {You Can Learn RISC-V Assembly in~10 Minutes |
                  Getting Started RISC-V Assembly on Linux},
  year =	 2020,
  url =		 {https://www.youtube.com/watch?v=GWiAQs4-UQ0},
  urldate =	 {30-VIII-2024},
}



@book{ Quine-Logika-matematyczna-Pub-1974,
  author =	 {Willard Van Orman Quine},
  title =	 {Logika matematyczna},
  publisher =	 {Państwowe Wydawnictwo Naukowe},
  address =	 {Warszawa},
  year =	 1974,
  edition =	 {I},
  note =	 {Tłum. Leon Koj},
}



@online{ Toal-NASM-Tutorial-Ver-2024,
  author =	 {Ray Toal},
  title =	 {NASM Tutorial},
  url =		 {https://cs.lmu.edu/~ray/notes/nasmtutorial/},
  urldate =	 {18-VIII-2024},
}