@book{ Grzegorczyk-Zarys-logiki-matematycznej-Pub-1975,
  author =	 {Andrzej Grzegorczyk},
  title =	 {Zarys logiki matematycznej},
  publisher =	 {Państwowe Wydawnictwo Naukowe},
  address =	 {Warszawa},
  year =	 1975,
  edition =	 {IV},
  series =	 {Biblioteka matematyczna},
  number =	 20,
}



@book{ Kraszewski-Logika-Pub-1984,
  author =	 {Zdzisław Kraszewski},
  title =	 {Logika. Nauka rozumowania},
  publisher =	 {Państwowe Wydawnictwo Naukowe},
  address =	 {Warszawa},
  year =	 1984,
  edition =	 {IV},
}



@book{ Quine-Logika-matematyczna-Pub-1974,
  author =	 {Willard Van Orman Quine},
  title =	 {Logika matematyczna},
  publisher =	 {Państwowe Wydawnictwo Naukowe},
  address =	 {Warszawa},
  year =	 1974,
  edition =	 {I},
  note =	 {Tłum. Leon Koj},
}
