@online{ Both-How-to-program-with-Bash-Syntax-and-tools-2019,
  author =	 {David Both},
  title =	 {How to program with Bash: Syntax and~tools},
  year =	 {2019},
  url =		 {https://opensource.com/article/19/10/programming-bash-syntax-tools},
  urldate =	 {24-03-2024},
}



@online{ Chadwick-BASH-Scripting-Tutorial-Introduction-ETC-Ver-2025,
  author =	 {Ryan Chadwick},
  title =	 {BASH Scripting Tutorial. Part~I: Introduction},
  year =	 2025,
  url =		 {https://ryanstutorials.net/bash-scripting-tutorial/},
  urldate =	 {2025-04-19},
}



@online{ Chadwick-BASH-Scripting-Tutorial-Part-I-What-is-ETC-Ver-2025,
  author =	 {Ryan Chadwick},
  title =	 {BASH Scripting Tutorial. Part~I: What is a~BASH
                  Script},
  year =	 2025,
  url =
                  {https://ryanstutorials.net/bash-scripting-tutorial/bash-script.php},
  urldate =	 {2025-04-19},
}



@online{ Chadwick-BASH-Scripting-Tutorialt-Part-5-If-Statements-Ver-2025,
  author =	 {Ryan Chadwick},
  title =	 {BASH Scripting Tutorial. Part~5: If~Statements},
  url =
                  {https://ryanstutorials.net/bash-scripting-tutorial/bash-if-statements.php},
  urldate =	 {06-04-2024},
}



@online{ Chadwick-Bash-Scripting-Tutorial-6-Loops,
  author =	 {Ryan Chadwick},
  title =	 {Bash Scripting Tutorial~-- 6.~Loops},
  url =
                  {https://ryanstutorials.net/bash-scripting-tutorial/bash-loops.php},
  urldate =	 {15-04-2024},
}



@online{ Daves-Garage-Kernel-Mode-vs-User-Mode-Why-it-ETC-Ver-2024,
  author =	 {Dave's Garage},
  title =	 {Kernel Mode vs~User Mode: Why it Matters, What You
                  Need to Know},
  year =	 2024,
  url =		 {https://www.youtube.com/watch?v=GB7JTXeGcs0},
  urldate =	 {2025-04-02},
}



@book{ Garfinkel-Weise-Strassmann-The-UNIX-HATERS-Handbook-Pub-1994,
  author =	 {Simson Garfinkel and Daniel Weise and Steven
                  Strassmann},
  title =	 {The~UNIX-HATERS Handbook},
  publisher =	 {IDG Books Worldwide, Inc.},
  address =	 {San Mateo, California, Indianapolis, Indiana,
                  Boston, Massachusetts},
  year =	 1994,
  note =	 {Illustrations by John Klossner},
  url =		 {https://web.mit.edu/~simsong/www/ugh.pdf},
}



@book{ Garrels-Introduction-to-Linux-A-Hands-on-Guide-Ver-2008,
  author =	 {Machtelt Garrels},
  title =	 {Introduction to Linux~-- A~Hand on Guide},
  year =	 2008,
  isbn =	 {1596821124},
  url =		 {https://tldp.org/guides.html},
}



@book{ Kenlon-Morriss-Young-A-practical-guide-to-learning-awk-Ver-2025,
  author =	 {Seth Kenlon and Dave Morris and Robert Young},
  title =	 {A~practical guide to~learning \texttt{awk}},
  publisher =	 {Opensource.com},
  year =	 2025,
  url =		 {https://opensource.com/downloads/awk-ebook},
  urldate =	 {2025-04-02},
  note =	 {Contributors: Jim Hall, Lazarus Lazaridis, Dave
                  Neary, Moshe Zadka},
}



@online{ Low-Level-Why-Riots-anti-cheat-is-a-HUGE-problem-Ver-2024,
  author =	 {Low Level},
  title =	 {Why Riot's new anti-cheat is a~HUGE problem},
  year =	 2024,
  url =		 {https://www.youtube.com/watch?v=nk6aKV2rY7E},
  urldate =	 {2025-01-23},
}



@online{ Orr-Bash-Prompt-HOWTO-Ver-2009,
  author =	 {Giles Orr},
  title =	 {Bash Prompt HOWTO},
  year =	 {2009},
  url =		 {https://www.gilesorr.com/bashprompt/howto/},
  urldate =	 {2025-03-16},
}



@online{ Pankaj-Wailia-Mastering-Grep-command-in-Linux-Unix-ETC-Ver-2025,
  author =	 {Pankaj and Anish Singh Walia},
  title =	 {Mastering Grep command in~Linux/Unix: A~Beginner's
                  Tutorial},
  year =	 2025,
  url =
                  {https://www.digitalocean.com/community/tutorials/grep-command-in-linux-unix},
  urldate =	 {2025-03-14},
}



@online{ Pankaj-Linux-ps-command-ETC-2022,
  author =	 {Pankaj},
  title =	 {Linux \texttt{ps} command~-- 20 Real life examples},
  year =	 2022,
  url =
                  {https://www.digitalocean.com/community/tutorials/linux-ps-command},
  urldate =	 {02-04-2024},
}



@online{ Pavroo-Porady-Admina-kill-2023,
  author =	 {Pavroo},
  title =	 {Porady Admina: kill},
  journal =	 {Entropy},
  year =	 {2023},
  url =		 {https://linuxiarze.pl/porady-admina-procps-kill/},
  urldate =	 {21-03-2024},
}



@online{ Ramuglia-How-to-kill-processes-in-Linux-ETC-2023,
  author =	 {Gabriel Ramuglia},
  title =	 {How to Kill Processes in Linux | 'kill' Command
                  Guide},
  year =	 {2023},
  url =		 {https://ioflood.com/blog/kill-linux-command/},
  urldate =	 {2-04-2024},
}



@book{ Tanenbaum-Systemy-operacyjne-Wydanie-III-Pub-2013,
  author =	 {Andrew S. Tanenbaum},
  title =	 {Systemy operacyjne. Wydanie III},
  publisher =	 {Helion},
  address =	 {Gliwice},
  year =	 2013,
  isbn =	 {978-83-246-7115-1},
  note =	 {Tłumaczenie: Radosław Meryk (rozdz.~1--8), Mikołaj
                  Szczepaniak (rozdz.~9--14)},
}
