@article{ Bieri-Garfinkle-An-electromagnetic-analogue-of-ETC-Pub-2013,
  author =	 {Lydia Bieri and David Garfinkle},
  title =	 {An~electromagnetic analogue~of gravitational wave
                  memory},
  journal =	 {Class. Quantum Grav.},
  year =	 2013,
  volume =	 30,
  pages =	 {195009},
  doi =		 {10.1088/0264-9381/30/19/195009},
  archivePrefix ={arXiv},
  eprint =	 {1307.5098},
  primaryClass = {gr-qc},
}



@book{ Bratteli-Robinson-Operator-algebras-ETC-Vol-I-Pub-2002,
  author =	 {Ola Bratteli and Derek W. Robinson},
  title =	 {Operator Algebras and~Quantum Statistical
                  Mechanics~1. $C^{ * }$- and $W^{ * }$-Algebras,
                  Symmetry Groups, Decomposition~of States},
  publisher =	 {Springer},
  address =	 {Berlin, Heidelberg},
  year =	 2002,
  edition =	 {II},
  issn =	 {0172-5998},
}



@article{ Buchholz-The-Physical-State-Space-Of-Quantum-ETC-Pub-1982,
  author =	 {Detlev Buchholz},
  title =	 {The Physical State Space~of Quantum Electrodynamics},
  journal =	 {Commun. Math. Phys.},
  year =	 1982,
  volume =	 85,
  pages =	 {49--71},
  doi =		 {https://doi.org/10.1007/BF02029133},
  shorthand =	 {Buch82},
}



@article{ Duch-Infrared-problem-in-perturbative-quantum-ETC-Pub-2021,
  author =	 {Paweł Duch},
  title =	 {Infrared probem in~perturbative quantum field
                  theory},
  journal =	 {Reviews in Mathematical Physics},
  year =	 2021,
  volume =	 33,
  number =	 10,
  pages =	 2150032,
  doi =		 {10.1142/S0129055X2150032X},
  url =		 {https://doi.org/10.1142/S0129055X2150032X},
  archivePrefix ={arXiv},
  eprint =	 {1906.00940},
  primaryClass = {math-ph},
}



@online{ Duch-Dybalski-Infrared-problem-in-quantum-electrodynamics-Pub-2023,
  author =	 {Paweł Duch and Wojciech Dybalsk},
  title =	 {Infrared problem in quantum electrodynamics},
  year =	 2023,
  doi =		 {https://doi.org/10.48550/arXiv.2307.06114},
  archivePrefix ={arXiv},
  eprint =	 {2307.06114},
  primaryClass = {math-ph},
}



@article{ Duch-Herdegen-Massless-asymptotic-fields-and-ETC-Pub-2014,
  author =	 {Paweł Duch and Andrzej Herdegen},
  title =	 {Massless asymptotic fields and Haag-Ruelle theory},
  journal =	 {Lett. Math. Phys.},
  year =	 2014,
  volume =	 105,
  issue =	 2,
  pages =	 {245--277},
  doi =		 {https://doi.org/10.1007/s11005-014-0733-y},
  archivePrefix ={arXiv},
  eprint =	 {1410.7665},
  primaryClass = {math.ph},
}



@article{ Herdegen-Almost-radial-gauge-ETC-Pub-2022,
  author =	 {Andrzej Herdegen},
  title =	 {Almost radial gauge},
  journal =	 {Annales Henri Poincar\'{e}},
  year =	 2022,
  volume =	 23,
  pages =	 {3021--3052},
  doi =		 {https://doi.org/10.1007/s00023-022-01157-1},
  archivePrefix ={arXiv},
  eprint =	 {2107.02044},
  primaryClass = {math-ph},
}



@article{ Herdegen-Asymptotic-algebra-of-quantum-electrodynamics-Pub-2005,
  author =	 {Andrzej Herdegen},
  title =	 {Asymptotic algebra~of quantum electrodynamics},
  journal =	 {Acta Phys. Polon. B},
  year =	 2005,
  volume =	 36,
  pages =	 {35--58},
  doi =		 {https://doi.org/10.48550/arXiv.2411.13977},
  archivePrefix ={arXiv},
  eprint =	 {0412058},
  primaryClass = {hep-th},
}



@article{ Herdegen-Infrared-Problem-vs-Gauge-Choice-ETC-Ver-2021,
  author =	 {Andrzej Herdegen},
  title =	 {Infrared Problem vs~Gauge Choice: Scattering~of
                  Classical Dirac Field},
  journal =	 {Annales Henri Poincar\'{e}},
  year =	 2021,
  volume =	 22,
  pages =	 {1--55},
  doi =		 {https://doi.org/10.1007/s00023-020-01015-y},
  archivePrefix ={arXiv},
  eprint =	 {2012.14170},
  primaryClass = {math-ph},
}



@online{ Herdegen-Infrared-structure-beyond-locality-ETC-Ver-2024,
  author =	 {Andrzej Herdegen},
  title =	 {Infrared structure beyond locality in~electrodynamics},
  year =	 2024,
  doi =		 {https://doi.org/10.48550/arXiv.2403.09234},
  url =		 {https://arxiv.org/abs/2403.09234},
  urldate =	 {2024-12-23},
  archivePrefix ={arXiv},
  eprint =	 {2403.09234},
  primaryClass = {math-ph},
}



@article{ Herdegen-Infraparticle-Problem-Asymptotic-Fields-ETC-Pub-2013,
  author =	 {Andrzej Herdegen},
  title =	 {Infraparticle Problem, Asymptotic Fields and
                  Haag-Ruelle Theory},
  journal =	 {Annales Henri Poincar\'{e}},
  year =	 2013,
  volume =	 15,
  pages =	 {345--367},
  doi =		 {https://doi.org/10.1007/s00023-013-0242-z},
  archivePrefix ={arXiv},
  eprint =	 {1210.1731},
  primaryClass = {math-ph},
}



@article{ Herdegen-Long-range-effects-in-asymptotic-ETC-Pub-1995,
  author =	 {Andrzej Herdegen},
  title =	 {Long-range effects in asymptotic fields and~angular
                  momentum~of classical field electrodynamics},
  journal =	 {J.~Math Phys.},
  year =	 1995,
  volume =	 36,
  pages =	 {4044--4086},
  doi =		 {https://doi.org/10.48550/arXiv.2411.13977},
  archivePrefix ={arXiv},
  eprint =	 {2411.13977},
  primaryClass = {math.ph},
}



@article{ Herdegen-Remarks-on-mathematical-structure-of-ETC-Pub-2022,
  author =	 {Andrzej Herdegen},
  title =	 {Remarks on mathematical structure~of
                  the~Staruszkiewicz theory},
  journal =	 {Acta Phys. Polon. B},
  year =	 2022,
  volume =	 53,
  pages =	 {9--A1},
  doi =		 {https://doi.org/10.5506/APhysPolB.53.9-A1 },
  archivePrefix ={arXiv},
  eprint =	 {2208.13437},
  primaryClass = {math-ph},
}



@article{ Herdegen-Semidirect-product-of-CCR-and-CAR-algebras-ETC-Pub-1998,
  author =	 {Andrzej Herdegen},
  title =	 {Semidirect product~of CCR and~CAR algebras and
                  asymptotic states in~quantum electrodynamics},
  journal =	 {J.~Math. Phys},
  year =	 1998,
  volume =	 39,
  pages =	 {1788--1817},
  doi =		 {https://doi.org/10.1063/1.532264},
  archivePrefix ={arXiv},
  eprint =	 {9811066},
  primaryClass = {hep-th},
}



@article{ Herdegen-There-Is-No-Velocity-Kick-Memory-ETC-Pub-2024,
  author =	 {Andrzej Herdegen},
  title =	 {There Is~No 'Velocity Kick' Memory in~Electrodynamics},
  journal =	 {Acta Phys. Pol.~B},
  year =	 2024,
  volume =	 55,
  pages =	 {3--A3},
  doi =		 {https://doi.org/10.5506/APhysPolB.55.3-A3},
  archivePrefix ={arXiv},
  eprint =	 {2311.06325},
  primaryClass = {physics.class-ph},
}



@article{ Herdegen-Undressing-the-electron-Pub-2024,
  author =	 {Andrzej Herdegen},
  title =	 {Undressing the~electron},
  journal =	 {Annales Henri Poincar\'{e}},
  year =	 2024,
  doi =		 {https://doi.org/10.1007/s00023-024-01476-5},
  archivePrefix ={arXiv},
  eprint =	 {2310.20560},
  primaryClass = {math-ph},
}



@article{ Mund-Rehren-Schroer-Infraparticle-quantum-fiels-ETC-Pub-2022,
  author =	 {J. Mund and K.-H. Rehren and B. Schroer},
  title =	 {Infraparticle quantum fields and the~formation~of
                  photon clouds},
  journal =	 {J.~High Energ. Phys},
  year =	 2022,
  volume =	 83,
  issue =	 4,
  pages =	 {1029-8479},
  doi =		 {https://doi.org/10.1007/JHEP04(2022)083},
  archivePrefix ={arXiv},
  eprint =	 {2109.10342},
  primaryClass = {hep-th},
}



@article{ Schroer-Infraparticles-in-quantum-field-theory-Pub-1963,
  author =	 {Bert Schroer},
  title =	 {Infraparticles in quantum field theory},
  journal =	 {Fortsch. Phys.},
  year =	 1963,
  volume =	 11,
  pages =	 {1--31},
}



@article{ Staruszkiewicz-Gauge-invariant-surface-contribution-ETC-Pub-1981,
  author =	 {Andrzej Staruszkiewicz},
  title =	 {Gauge invariant surface contribution to
                  the~number~of photons integral},
  journal =	 {Acta Phys. Polon. B},
  year =	 1981,
  volume =	 65,
  pages =	 {327--337},
}



@article{ Staruszkiewicz-Quantum-Mechanics-of-Phase-and-Charge-ETC-Pub-1989,
  author =	 {Andrzej Staruszkiewicz},
  title =	 {Quantum Mechanics~of Phase and Charge and
                  Quantization~of the~Coulomb Field},
  journal =	 {Annals Phys.},
  year =	 1989,
  volume =	 190,
  pages =	 {354},
  doi =		 {10.1016/0003-4916(89)90018-3},
}



@article{ Yennie-Frautschi-Suura-The-infrared-divergence-ETC-Pub-1961,
  author =	 {D.R. Yennie and S.C. Frautschi and H. Suura},
  title =	 {The~infrared divergence phenomena and high-energy
                  process},
  journal =	 {Annals of Physics},
  year =	 1961,
  month =	 11,
  volume =	 13,
  number =	 3,
  pages =	 {379--452},
  issn =	 {0003-4916},
  doi =		 {https://doi.org/10.1016/0003-4916(61)90151-8},
  url =
                  {https://www.sciencedirect.com/science/article/pii/0003491661901518},
}



@article{ Zeldovich-Polnarev-Radiation-of-gravitational-ETC-Pub-1974,
  author =	 {Y.B. Zel'dovich and A.G. Polnarev},
  title =	 {Radiation of gravitational waves by a cluster of
                  superdense stars},
  journal =	 {Sov. Astron. AJ (Engl. Transl.)},
  year =	 1974,
  volume =	 18,
  number =	 1,
  pages =	 {17--23},
}
