@article{ Biomonte-Lopez-Decca-Isoelectronic-determination-ETC-Pub-2016,
  author =	 {G. Bimonte and D. L\'{o}pez and R.S. Decca},
  title =	 {Isoelectronic determination of the thermal Casimir
                  force},
  journal =	 {Phys. Rev. B},
  publisher =	 {American Physical Society},
  year =	 2016,
  month =	 05,
  volume =	 93,
  issue =	 18,
  pages =	 184434,
  numpages =	 15,
  doi =		 {10.1103/PhysRevB.93.184434},
  url =		 {https://link.aps.org/doi/10.1103/PhysRevB.93.184434},
  archivePrefix ={arXiv},
  eprint =	 {1509.05349},
  primaryClass = {cond-mat.mes-hall},
}



@article{ Blokland-Overbeek-van-der-Waals-Forces-between-ETC-Pub-1978,
  author =	 {Peter H.G.M. van Blokland and J.~Theodoor
                  G.~Overbeek},
  title =	 {van der Waals forces between objects covered with
                  a~chromium layer},
  journal =	 {J. Chem. Soc.{,} Faraday Trans. 1},
  year =	 1978,
  volume =	 74,
  pages =	 {2637--2651},
  publisher =	 {The Royal Society of Chemistry},
  doi =		 {10.1039/F19787402637},
  url =		 {http://dx.doi.org/10.1039/F19787402637},
}



@article{ Bressi-et-al-Measurement-of-the-Casimir-Force-ETC-Pub-2002,
  author =	 {G. Bressi and G. Carugno and R. Onofrio and G.
                  Ruoso},
  title =	 {Measurement of the Casimir Force between Parallel
                  Metallic Surfaces},
  journal =	 {Phys. Rev. Lett.},
  publisher =	 {American Physical Society},
  year =	 2002,
  month =	 01,
  volume =	 88,
  issue =	 4,
  pages =	 041804,
  numpages =	 4,
  doi =		 {https://doi.org/10.1103/PhysRevLett.88.041804},
  url =
                  {https://link.aps.org/doi/10.1103/PhysRevLett.88.041804},
  archivePrefix ={arXiv},
  primaryClass = {quant-ph},
  eprint =	 {0203002},
}



@article{ Casimir-On-the-Attraction-Between-ETC-Pub-1948,
  author =	 {Hendrik Brugt Gerhard Casimir},
  title =	 {On~the~Attraction Between Two Perfectly Conducting
                  Plates},
  journal =	 {Kon. Ned. Akad. Wetensch. Proc},
  year =	 1948,
  volume =	 51,
  number =	 7,
  pages =	 {793--795},
}



@article{ Klimchitskaya-Mostepanenko-Current-status-ETC-Pub-2022,
  author =	 {G.L. Klimchitskaya and V.M. Mostepanenko},
  title =	 {Current status~of the~problem of thermal Casimir
                  force},
  journal =	 {International Journal~of Modern Physis~A},
  year =	 2022,
  volumef =	 37,
  number =	 19,
  pages =	 2241002,
  doi =		 {https://doi.org/10.1142/S0217751X22410020},
  archivePrefix ={arXiv},
  eprint =	 {2204.06290},
  primaryClass = {quant-ph},
}



@article{ Lamoreaux-Demonstration-of-the-Casimir-Force-ETC-Pub-1997,
  author =	 {S.K. Lamoreaux},
  title =	 {Demonstration of the Casimir Force in the $0.6$ to
                  $6 \, \ensuremath{\mu}\si{m}$ Range},
  journal =	 {Phys. Rev. Lett.},
  publisher =	 {American Physical Society},
  year =	 1997,
  month =	 01,
  volume =	 78,
  issue =	 1,
  pages =	 {5--8},
  numpages =	 0,
  doi =		 {10.1103/PhysRevLett.78.5},
  url =		 {https://link.aps.org/doi/10.1103/PhysRevLett.78.5},
}



@article{ Lamoreaux-Erratum-Demonstration-of-the-Casimir-ETC-Pub-1998,
  author =	 {S.K. Lamoreaux},
  title =	 {Erratum: Demonstration of the Casimir Force in
                  the~$0.6$ to $6 \, \mathit{\ensuremath{\mu}}\si{m}$
                  Range [Phys. Rev. Lett. 78, 5 (1997)]},
  journal =	 {Phys. Rev. Lett.},
  publisher =	 {American Physical Society},
  year =	 1998,
  month =	 12,
  volume =	 81,
  issue =	 24,
  pages =	 {5475--5476},
  numpages =	 0,
  doi =		 {10.1103/PhysRevLett.81.5475},
  url =
                  {https://link.aps.org/doi/10.1103/PhysRevLett.81.5475},
}



@article{ Lifshitz-The-theory-of-molecular-ETC-Pub-1956,
  author =	 {E.M. Lifshitz},
  title =	 {The~theory~of molecular attractive forces between
                  solids},
  journal =	 {Sov. Phys. JETP},
  year =	 1956,
  volume =	 2,
  number =	 1,
  pages =	 {73--83},
  doi =		 {https://doi.org/10.1016/B978-0-08-036364-6.50031-4},
  url =
                  {https://www.sciencedirect.com/science/article/pii/B9780080363646500314},
  note =	 {Translated from Russian by M.~Hamermesh},
}



@book{ Peskin-Schroeder-An-Introduction-to-Quantum-Field-Theory-Pub-1995,
  author =	 {M.E. Peskin and D.V. Schroeder},
  title =	 {An~Introduction to~Quantum Field Theory},
  publisher =	 {Westview Press},
  year =	 1995,
  edition =	 {I},
}



@article{ Sparnaay-Measurments-of-attractive-forces-ETC-Pub-1958,
  author =	 {M.J. Sparnaay},
  title =	 {Measurements of attractive forces between flat
                  plates},
  journal =	 {Physica},
  year =	 1958,
  volume =	 24,
  pages =	 {751--764},
  doi =		 {https://doi.org/10.1016/S0031-8914(58)80090-7},
}



@article{ Sedmik-Pitschmann-Next-Generation-Design-ETC-Pub-2021,
  author =	 {Ren\'{e} I. Sedmik and Mario Pitschmann},
  title =	 {Next Generation Design and Prospects for
                  \textsc{cannex}},
  journal =	 {Universe},
  year =	 2021,
  volume =	 7,
  issue =	 7,
  pages =	 234,
  doi =		 {https://doi.org/10.3390/universe7070234},
  archivePrefix ={arXiv},
  eprint =	 {2107.07645},
  primaryClass = {physics.ins-det},
}