@book{ Eckel-Thinking-in-Java-Ed-polska-Wyd-III-Pub-2003,
  author =	 {Bruce Eckel},
  title =	 {Thinking in~Java. Edycja polska, wydanie~III},
  publisher =	 {Helion},
  address =	 {Gliwice},
  year =	 2003,
  edition =	 {III},
  isbn =	 {83-7361-133-9},
  note =	 {Tłum. Adrian Nowak, Łukasz Fryz, SZymon Kobalczyk},
}