@online{ Daves-Garage-Kernel-Mode-vs-User-Mode-Why-it-ETC-Ver-2024,
  author =	 {Dave's Garage},
  title =	 {Kernel Mode vs~User Mode: Why it Matters, What You
                  Need to Know},
  year =	 2024,
  url =		 {https://www.youtube.com/watch?v=GB7JTXeGcs0},
  urldate =	 {2025-04-02},
}