@online{ Buchholz-Fredenhagen-Algebraic-quantum-field-theory-ETC-2023,
  author =	 {Detlev Buchholz and Kalus Fredenhagen},
  title =	 {Algebraic quantum field theory: objectives, methods,
                  and results},
  year =	 2023,
  doi =		 {https://doi.org/10.48550/arXiv.2305.12923},
  archivePrefix ={arXiv},
  eprint =	 2305.12923,
  primaryClass = {math-ph},
}



@book{ Bratteli-Robinson-Operator-algebras-ETC-Vol-I-Pub-2002,
  author =	 {Ola Bratteli and Derek W. Robinson},
  title =	 {Operator Algebras and~Quantum Statistical
                  Mechanics~1. $C^{ * }$- and $W^{ * }$-Algebras,
                  Symmetry Groups, Decomposition~of States},
  publisher =	 {Springer},
  address =	 {Berlin, Heidelberg},
  year =	 2002,
  edition =	 {II},
  issn =	 {0172-5998},
}



@article{ Chandra-et-al-Stochastic-quantisation-of-Yang-Mills-ETC-Pub-2024,
  author =	 {Ajay Changra and Ilya Chevyrev and Martin Hairer and
                  Hao Shen},
  title =	 {Stochastic quantisation~of Yang-Mills-Higgs in~3D},
  journal =	 {Inventiones mathematicae},
  year =	 2024,
  volume =	 237,
  issue =	 2,
  pages =	 {541--696},
  doi =		 {https://doi.org/10.1007/s00222-024-01264-2},
  archivePrefix ={arXiv},
  eprint =	 2201.03487,
  primaryClass = {math.PR},
}



@book{ Haag-Local-Quantum-Physics-Pub-1996,
  author =	 {Rudolf Haag},
  title =	 {Local Quantum Physics. Fields, Particles, Algebras},
  publisher =	 {Springer},
  address =	 {Berlin, Heidelberg, New York, Barcelona, Budapest
                  Hong Kong, London, Milan, Paris, Santa Clara,
                  Singapore, Tokyo},
  year =	 1996,
  edition =	 {Second Revised and~Enlarged Edition},
}



@online{ Fewster-Rejzner-Algebraic-Quantum-Field-Theory-an-introduction-2019,
  author =	 {Christopher J.~Fewster and Kasia Rejzner},
  title =	 {Algebraic Quantum Field Theory -- an~introduction},
  year =	 2019,
  doi =		 {https://doi.org/10.48550/arXiv.1904.04051},
  archivePrefix ={arXiv},
  eprint =	 {1904.04051},
  primaryClass = {hep-th},
}



@online{ Summers-Prespective-on-Constructive-ETC-Ver-2016,
  author =	 {Stephen J. Summers},
  title =	 {A~Perspective on~Constructive Quantum Field Theory},
  year =	 2016,
  doi =		 {https://doi.org/10.48550/arXiv.1203.3991},
  url =		 {https://arxiv.org/abs/1203.3991},
  urldate =	 {27-VII-2024},
  archivePrefix ={arXiv},
  eprint =	 {1203.3991},
  primaryClass = {math-ph},
  note =	 {ArXiv e-prints},
}