@online{ Bielecki-Cybernetyka-Slowniki-spoleczne-Vol-XIII-Ver-2025,
  author =	 {Andrzej Bielecki},
  title =	 {Cybernetyka},
  year =	 2025,
  doi =		 {https://doi.org/10.35765/slowniki.417},
  url =		 {https://slownikispoleczne.ignatianum.edu.pl/index.php/ss/catalog/book/417},
  urldate =	 {2025-03-09},
}



@article{ Hamilton-The-Charismatic-Cultural-Life-of-ETC-Pub-2017,
  author =	 {Sheryl N. Hamilton},
  title =	 {The Charismatic Cultural Life of Cybernetics:
                  Reading Norbert Wiener as~Visible Scientist},
  journal =	 {Canadian Journal of Communication},
  year =	 2017,
  volume =	 42,
  issue =	 3,
  pages =	 {407--430},
  doi =		 {10.22230/cjc.2017v42n3a3205},
}



@book{ Lem-Dialogi-Vol-I-Pub-1996,
  author =	 {Stanis≈Çaw Lem},
  title =	 {Dialogi. Tom~I},
  publisher =	 {Interart},
  address =	 {Warszawa},
  year =	 1996,
  edition =	 {I},
  isbn =	 {83-7060-368-8},
}



@online{ Pickering-Cybernetics-in-Britain-Ver-2022,
  author =	 {Andrew Pickering},
  title =	 {Cybernetics in~Britain},
  year =	 2022,
  url =		 {https://www.youtube.com/watch?v=5oWm7JS2pNA},
  urldate =	 {2024-12-14},
  note =	 {Research Network for Philosophy and Technology},
}



@book{ Wiener-Cybernetics-Second-edition-Pub-2016,
  author =	 {Norber Wiener},
  title =	 {Cybernetics, or~Control and~Communications
                  in~the~Animal and~the-Machine. Second edition},
  publisher =	 {Quid Pro Books},
  address =	 {New Orleans, Louisiana},
  year =	 2016,
  isbn =	 {978-1-61027-809-6},
}